@book{westelius,
   author = {C-J Westelius},
   title = {Focus of Attention and Gaze Control for Robot Vision},
   year = {1995},
   publisher = {PhD Thesis},
   note = {{ISBN} 91-7871-530-X},
}


@inproceedings{liu,
  author = {W. Liu and P. Zhu and J. Anderson and D. Yurgelun-Todd and P. Fletcher},
  title = {Spatial regularization of functional connectivity using high-dimensional markov random fields},
  booktitle = {Proceedings of the 13th International conference on Medical Image Computing and Computer Assisted Intervention ({MICCAI}), Lecture notes in computer science 6362},
  pages = {363-370},
  year = {2010},
}

@article{fMRI7T,
  author = {Essa Yacoub and Amir Shmuel and Josef Pfeuffer and Pierre-Francois Van De Moortele and Gregor Adriany and Peter Andersen and J. Thomas Vaughan and Hellmut Merkle and Kamil Ugurbil and Xiaoping Hu},
  title = {Imaging brain function in humans at 7 Tesla},
  journal = {Magnetic resonance in medicine},
  year = {2001},
  volume = {45},
  pages = {588-594},
}

@article{demons,
  author = {J.P. Thirion},
  title = {Image matching as a diffusion process: an analogy with {Maxwell}'s demons},
  journal = {Medical Image Analysis},
  year = {1998},
  volume = {2},
  pages = {243-260},
}

@inproceedings{forsberg_anisotropic,
  author = {Daniel Forsberg and Mats Andersson and Hans Knutsson},
  title = {Adaptive anisotropic regularization of deformation fields for non-rigid registration using the morphon framework},
  booktitle = {International conference on acoustics, speech and signal processing ({ICASSP})},
  year = {2010},
  pages = {473-476},
}

@inproceedings{knutte_morfon,
  author = {Hans Knutsson and Mats Andersson},
  title = {Morphons: Paint on Priors and Elastic Canvas for Segmentation and Registration},
  booktitle = {Scandinavian Conference on Image Analysis ({SCIA})},
  pages = {292-301},
  year = {2005},
}


@article{laconte_decoding,
  author = {Stephen M. LaConte},
  title = {Decoding {fMRI} brain states in real-time},
  journal = {NeuroImage},
  volume = {56},
  pages = {440-454},
  year = {2011},
}

@inproceedings{plumpton,
  author = {C.O. Plumpton and L.I. Kuncheva and D.E.J. Linden and S.J. Johnston},
  title = {On-line {fMRI} Data Classification Using Linear and Ensemble Classifiers},
  booktitle = {Proceedings of International conference on pattern recognition ({ICPR}) },
  pages = {4312-4315},
  year = {2010},
}

@article{genovese,
  author = {Christopher R. Genovese and Nicole A. Lazar and Thomas Nichols},
  title  = {Thresholding of Statistical Maps in Functional Neuroimaging Using the False Discovery Rate},
  journal = {NeuroImage},
  volume = {15},
  pages = {870-878},
  year = {2002},
}

@article{ogawa1,
  author = {S. Ogawa and T. Lee and A. Nayak and P. Glynn},
  title = {Oxygenation-sensitive contrast in magnetic resonance image of rodent brain at high magnetic fields},
  journal = {Magnetic Resonance in Medicine},
  volume = {14},
  pages = {68-78},
  year = {1990},
}

@book{pesarin,
  author = {Fortunato Pesarin and Luigi Salmaso},
  title = {Permutation tests for complex data},
  publisher = {Wiley},
  year = {2010},
  note = {{ISBN} 978-0-470-51641-6},
}

@article{friston_dcm,
   title = {Dynamic causal modelling},
   author = {K.J. Friston and L. Harrison and W. Penny},
   journal = {NeuroImage},
   volume = {19},
   year = {2003},
   pages = {1273-1302},
}

@article{ogawa2,
  author = {S. Ogawa and D. Tank and R. Menon and J. Ellerman and S. Kim and H. Merkle and K. Ugurbil},
  title = {Functional brain mapping by blood oxygenation level-dependent contrast magnetic resonance imaging},
  journal = {Biophysics},
  volume = {64},
  pages = {803-812},
  year = {1993},
}

@article{sladky,
   author = {Ronald Sladky and Karl J. Friston and Jasmin Tr\"{o}stl and Ross Cunnington and Ewald Moser and Christian Winischberger},
   title = {Slice-timing effects and their correction in functional {MRI}},
   journal = {NeuroImage},
   volume = {58},
   pages = {588-594},
   year = {2011},
}


@article{biswal2,
  title = {Toward discovery science of human brain function},
  author = {Bharat Biswal and Maarten Mennes and Xi-Nian Zuo and Suril Gohel and Clare Kelly and Steve Smith and 
   Christian Beckmann and Jonathan Adelstein and Randy Buckner and Stan Colcombe and Anne-Marie Dogonowski and
Monique Ernst and Damien Fair and Michelle Hampson and Matthew Hoptman and James Hyde and Vesa Kiviniemi and
Rolf K\"{o}tter and Shi-Jiang Li and Ching-Po Lin and Mark Lowe and Clare Mackay and David Madden and Kristoffer Madsen 
and Daniel Margulies and Helen Mayberg and Katie McMahon and Christopher Monk and Stewart Mostofsky and
Bonnie Nagel and James Pekar and Scott Peltier and Steven Petersen and Valentin Riedl and Serge Rombouts and
Bart Rypma and Bradley Schlaggar and Sein Schmidt and Rachael Seidler and Greg Siegle and Christian Sorg and
Gao-Jun Teng and Juha Veijola and Arno Villringer and Martin Walter and Lihong Wang and Xu-Chu Weng and
Susan Whitfield-Gabrieli and Peter Williamson and Christian Windischberger and Yu-Feng Zang and Hong-Ying Zhang and Xavier Castellanos and Michael Milham},
  journal = {PNAS},
  volume = {107},
  pages = {4734-4739},
  year = {2010},
}

@article{hluo,
  title = {{fMRI} Data Analysis With Nonstationary Noise Models: A Bayesian Approach},
  author = {Huaien Luo and S. Puthusserypady},
  journal = {IEEE Transactions on Biomedical Engineering},
  volume = {54},
  pages = {1621-1630},
  year = {2007},
}

@article{long,
  title = {Nonstationary noise estimation in functional {MRI}},
  author = {CJ Long and EN Brown and C Triantafyllou and I Aharon and LL Wald and V Solo},
	journal = {NeuroImage},
	volume = {28},
	pages = {890-903},
	year = {2005},
}

@inproceedings{milo,
  title = {Estimation of nonstationary {AR} model using the weighted recursive least square algorithm},
  author = {M. M. Milosavljevic and M. D. Veinovic and B. D. Kovacevic},
  booktitle = {IEEE International Conference on Acoustics, Speech and Signal Processing (ICASSP)},
	pages = {1432-1435},
	year = {1995},
}

@article{ljung,
  author = {G. M. Ljung and G. E. P. Box},
  title = {On a Measure of a Lack of Fit in Time Series Models},
  journal = {Biometrika},
  volume = {65},
  pages = {297-303},
  year = {1978},
}

@article{luo,
  author  = {Wen-Lin Luo and Thomas E. Nichols},
  title = {Diagnosis and exploration of massively univariate neuroimaging models},
  journal = {NeuroImage},
  volume = {19},
  pages = {1014-1032},
  year = {2003},
}
 

@article{lenoski,
  author = {Brian Lenoski and Leslie C. Baxter and Lina J. Karam and Jose Maisog and Josef Debbins},
  title = {On the Performance of Autocorrelation Estimation Algorithms for {fMRI} Analysis},
  journal = {IEEE Journal Of Selected Topics In Signal Processing},
  volume = {2},
  pages = {828-838},
  year = {2008},
}
  
@article{gautama,
  author = {T. Gautama and MM Van Hulle}, 
  title = {Optimal spatial regularization of autocorrelation estimates in {fMRI} analysis},
  journal = {NeuroImage},
  volume = {23},
  pages = {1203-1216},
  year = {2004},
}
  

@article{hemerta,
  author = {John L. Van Hemerta and Julie A. Dickerson},
	title = {Monte {Carlo} randomization tests for large-scale abundance datasets on the {GPU}},
	journal = {Computer Methods and Programs in Biomedicine},
	volume = {101},
	pages = {80-86},
	year = {2011},
}

@article{kriegskorte,
  author = {N. Kriegeskorte and R. Goebel and P. Bandettini},
  title = {Information-based functional brain mapping},
  journal = {PNAS},
  volume = {103},
  pages = {3863-3868},
  year = {2006},
}

@article{norman,
  author = {Kenneth A. Norman and Sean M. Polyn and Greg J. Detre and James V. Haxby},
  title = {Beyond mind-reading: multi-voxel pattern analysis of {fMRI} data},
  journal = {Trends in Cognitive Sciences},
  pages = {424-430},
  volume = {10},
  year = {2006},
}

@article{miranda,
  author = {J. Mourao-Miranda and A. L. Bokde and C. Born and H. Hampel and M. Stetter},
  title = {Classifying brain states and determining the discriminating activation patterns: Support vector machine on functional {MRI} data},
  journal = {NeuroImage},
  volume = {28},
  pages = {980-995},
  year = {2005},
}

@article{aberg2,
  author = {Malin Bj\"{o}rnsdotter and Karin Rylander and Johan Wessberg},
  title = {A {Monte Carlo} method for locally multivariate brain mapping},
  journal = {NeuroImage},
  volume = {56},
  pages = {508-516},
  year = {2011},
}


@inproceedings{validation,
  author = {S. Hayasaka and T.E. Nichols},
  title = {Validation of the Random Field Theory-based Cluster Size Test in Single-subject {fMRI} Analyses},
  booktitle = {Proceedings of International Society of Magnetic Resonance in Medicine (ISMRM)},
  pages = {493},
  year = {2003},
}

@article{zhang,
  author = {Hui Zhang and T.E. Nichols and T. D. Johnson},
  title = {Cluster mass inference via random field theory},
  journal = {NeuroImage},
  volume = {44},
  pages = {51-61},
  year = {2009},
}

@article{hayasaka_new,
  author = {S. Hayasaka and T.E. Nichols},
  title = {Validating cluster size inference: random field and permutation methods},
  journal = {NeuroImage},
  volume = {20},
  pages = {2343-2356},
  year = {2003},
}

@article{friston_extent,
  author = {K.J. Friston and K.J. Worsley and R.S.J. Frackowiak and J.C. Mazziotta and A.C. Evans},
  title = {Assessing the significance of focal activations using their spatial extent},
  journal = {Human Brain Mapping},
  volume = {1},
  pages = {210-220},
  year = {1994},
}

@article{poline_extent,
  author = {J.B. Poline and K.J. Worsley and A.C. Evans and K.J. Friston},
  title = {Combining spatial extent and peak intensity to test for activations in functional imaging},
  journal = {NeuroImage},
  volume = {5},
  pages = {83-96},
  year = {1997},
}

@article{martino,
  author = {F. De Martino and G. Valente and N. Staeren and J. Ashburner and R. Goebel and E. Formisano},
  title = {Combining multivariate voxel selection and Support Vector Machines for mapping and classification of {fMRI} spatial patterns},
  journal = {NeuroImage},
  volume = {43},
  pages = {44-58},
  year = {2008},
}

@article{siegel,
  author = {Sidney Siegel},
  title = {Nonparametric statistics},
  journal = {The American Statistician},
  volume = {11},
  pages = {13-19},
  year = {1957},
}

@book{hochberg,
   author = {Yosef Hochberg and Ajit C. Tamhane},
   title = {Multiple Comparison Procedures},
   publisher = {John Wiley \& Sons},
   year = {1987},
}

@article{lund,
  author = {Torben E. Lund and Kristoffer H. Madsen and Karam Sidaros and Wen-Lin Luo and Thomas E. Nichols},
  title = {Non-white noise in {fMRI}: Does modelling have an impact?},
  journal = {NeuroImage},
  volume = {29},
  pages = {54-66},
  year = {2006},
}

@article{hayasaka_combining,
  author = {Satoru Hayasaka and Thomas E. Nichols},
  title = {Combining voxel intensity and cluster extent with permutation test framework},
  journal = {NeuroImage},
  volume = {23},
  pages = {54-63},
  year = {2004},
}

@article{bullmore_cluster,
  author = {E.T. Bullmore and J. Suckling and S. Overmeyer and S. Rabe-Hesketh and E. Taylor and M.J. Brammer},
  title = {Global, voxel, cluster tests, by theory and permutation, for a difference between two groups of structural {MR} images of the brain},
  journal = {{IEEE} Transactions on Medical Imaging},
  volume = {18},
  pages = {32-42},
  year = {1999},
}	

@article{bullmore_wavelet,
  author = {E. Bullmore and C. Long and J. Suckling and J. Fadili and G. Calvert and F. Zelaya and T. Carpenter and M. Brammer},
  title = {Colored noise and computational inference in neurophysiological {fMRI} time series analysis: resampling
methods in time and wavelet domains},
  journal  = {Human Brain Mapping},
  volume = {12},
  pages = {61-78},
  year = {2001},
}

@article{thirion,
  author = {Bertrand Thirion and Philippe Pinel and Sebastien Meriaux and Alexis Roche and Stanislas Dehaene and Jean-Baptiste Poline},
  title = {Analysis of a large {fMRI} cohort: Statistical and methodological issues for group analyses},
  journal = {NeuroImage},
  volume = {35},
  year = {2007},
  pages = {105-120},
}

@article{breakspear,
  author = {M. Breakspear and M. Brammer and E. Bullmore and P. Das and L. Williams},
  title = {Spatiotemporal wavelet resampling for functional neuroimaging data},
  journal = {Human Brain Mapping},
  volume = {23},
  pages = {1-25},
  year = {2004},
} 

@article{purdon,
  author = {P.L. Purdon and V. Solo and R.M. Weisskoff and E. Brown},
  title = {Locally regularized spatiotemporal modeling and model comparison for functional {MRI}},
  journal = {NeuroImage},
  volume = {14},
  pages = {912-923},
  year = {2001},
}

@article{purdon2,
  author = {P.L. Purdon and R.M. Weisskoff},
  title = {Effect of temporal autocorrelation due to physiological noise and stimulus paradigm on voxel-level false-positive rates in {fMRI}},
  journal = {Human Brain Mapping},
  volume = {6},
  pages = {239-249},
  year = {1998},
}

@article{viviani,
  author = {Roberto Viviani and Petra Beschoner and Katja Ehrhard and Bernd Schmitz and Jan Th\"{o}ne},
  title = {Non-normality and transformations of random fields, with application to voxel-based morphometry},
  journal = {NeuroImage},
  volume = {35},
  pages = {121-130},
  year = {2007},
}

@article{nandy_rest,
  author = {Rajesh Nandy and Dietmar Cordes},
  title = {A semi-parametric approach to estimate the family-wise error rate in {fMRI} using resting-state data},
  journal = {NeuroImage},
  volume = {34},
  pages = {1562-1576},
  year = {2007},
}

@article{nandy_pseudo,
  author = {Rajesh Nandy and Dietmar Cordes},
  title = {Improving the Spatial Specificity of Canonical Correlation Analysis in fMRI},
  journal = {Magnetic Resonance in Medicine},
  volume = {52},
  pages = {947-952},
  year = {2004},
}

@article{gudbjartsson,
  author = {H. Gudbjartsson and S. Patz},
  title = {The {Rician} distribution of noisy {MRI} data},
  journal = {Magnetic Resonance in Medicine},
  volume = {34},
  pages = {910-914},
	year = {1995},
}

@article{wink,
  author = {Alle Meije Wink and Jos B.T.M. Roerdink},
  title = {{BOLD} Noise Assumptions in {fMRI}},
	journal = {International Journal of Biomedical Imaging},
	pages = {1-11},
	year = {2006},
}

@article{salmon,
  author = {Craig M. Bennett and Abigail A. Baird and Michael B. Miller and George L. Wolford},
	title = {Neural Correlates of Interspecies Perspective Taking in the Post-Mortem Atlantic Salmon: An Argument For Multiple Comparisons Correction},
	journal = {Journal of Serendipitous and Unexpected Results},
	volume = {1},
	pages = {1-5},
	year = {2010},
}

@article{worsley_unified,
  author = {K.J. Worsley and S. Marrett and P. Neelin and A.C. Evans},
  title = {A Unifed Statistical Approach for Determining Signifcant Signals in Location and Scale Space Images
of Cerebral Activation},
  journal = {Human Brain Mapping},
  volume = {4},
  pages = {58-73},
	year = {1996},
}

@article{worsley_friston,
  author = {K. Worsley and K. Friston},
  title = {Analysis of {fMRI} time-series revisited - Again},
  journal = {NeuroImage},
  volume = {2},
  pages = {173-181},
  year = {1995},
}

@article{friston_smooth,
  author = {K.J. Friston and O. Josephs and E. Zarahn and A.P. Holmes and S. Rouquette and J.B. Poline},
  title = {To Smooth or Not to Smooth - Bias and Efficiency in {fMRI} Time-Series Analysis},
  journal = {Neuroimage},
  volume = {12},
  pages = {196-208},
  year = {2000},
}

@inproceedings{friman_subspace,
  author = {Ola Friman},
  title = {Subspace Models for Functional {MRI} Data Analysis},
  booktitle = {Proceedings of 2004 IEEE International Symposium on Biomedical Imaging {(ISBI)}},
  pages = {1-4},
  year = {2004},
}

@article{logan,
  author = {Brent R. Logan and Daniel B. Rowe},
  title = {An evaluation of thresholding techniques in {fMRI} analysis},
  journal = {Neuroimage},
  volume = {22},
  pages = {95-108},
  year = {2004},
}

@article{hayasaka,
  author = {S. Hayasaka and K. Luan Phan and I. Liberzon and K.J. Worsley and T.E. Nichols},
  title = {Non-Stationary Cluster Size Inference with Random Field and Permutation Methods},
  journal = {Neuroimage},
  volume = {22},
  pages = {676-687},
  year = {2004},
}

@article{kiebel,
  author = {Stefan J. Kiebel and Jean-Baptiste Poline and Karl J. Friston and Andrew P. Holmes and Keith J. Worsley},
  title = {Robust smoothness estimation in statistical parametric maps using standardized residuals from the general linear model},
  journal = {NeuroImage},
  volume = {10},
  pages = {756-766},
  year = {1999},
}

@article{worsley_resel,
  author = {K.J. Worsley and A.C. Evans and S. Marrett and P. Neelin},
  title = {A three dimensional statistical analysis for {CBF} activation studies in the human brain},
  journal = {Journal of Cerebral Blood Flow and Metabolism},
  volume = {12},
  pages = {900-918},
  year = {1992},
}


@article{tillikainen,
  author = {L. Tillikainen and E. Salli and A. Korvenoja and H.J. Aronen},
  title = {A cluster mass permutation test with contextual enhancement for {fMRI} activation detection},
  journal = {NeuroImage},
  volume = {32},
  pages = {654-664},
  year = {2006},
}

@article{holmes,
  author = {AP Holmes and RC Blair and JD Watson and I Ford},
  title = {Nonparametric Analysis of Statistic Images from Functional Mapping Experiments},
  journal = {Journal of Cerebral Blood Flow \& Metabolism},
  volume = {16},
  pages = {7-22},
  year = {1996},
}




@article{worsley_cca,
  author = {Worsley, K.J. and Taylor, J.E. and Tomaiuolo, F. and Lerch, J.},
  title = {Unified univariate and multivariate random field theory},
  journal = {NeuroImage},
  volume = {23},
  pages = {189-195},
  year = {2004},
}

@book{anderson,
  author = {T.W. Anderson},
  title = {An introduction to multivariate statistical analysis},
  publisher = {John Wiley \& Sons},
  year = {1984},
}

@article{constantine,
  author = {A. Constantine},
  title = {Some non-central distribution problems in multivariate analysis},
  journal = {Annals of Mathematical Statistics},
  volume = {34},
  pages = {1270-1285},
  year = {1963},
}

@ARTICLE{ragnehed,
  author = {Mattias Ragnehed and Maria Engstr\"{o}m and Hans Knutsson and Birgitta S\"{o}derfeldt and Peter Lundberg},
  title = {Restricted canonical correlation analysis in functional {MRI} - validation and a novel thresholding technique},
  journal = {Journal of Magnetic Resonance Imaging},
  year = {2009},
  volume = {29},
  pages = {146-154},
}


@article{silva,
  author = {Adelino R. Ferreira da Silva},
  title = {A Bayesian multilevel model for {fMRI} data analysis},
  journal = {Computer Methods and Programs in Biomedicine},
  year = {2010},
note = {doi:10.1016/j.cmpb.2010.05.003}
}

@article{poline,
  author = {J-B Poline and KJ Worsley and AP Holmes and RSJ Frackowiak and KJ Friston},
  title = {Estimating smoothness in statistical parametric maps: variability of p values},
  journal = {Journal of Computer Assisted Tomography},
  volume = {19},
  pages = {788-796},
  year = {1995},
} 

@article{nichols_comparative,
  author = {Thomas E. Nichols and Satoru Hayasaka},
  title = {Controlling the familywise error rate in functional neuroimaging: a comparative review},
  journal = {Statistical Methods in Medical Research},
  volume = {12},
  pages = {419-446},
  year = {2003},
}

@book{frackowiak,
  author = {Richard S.J. Frackowiak and Karl Friston and Cristopher Frith},
  title = {Human Brain Function},
  publisher = {Academic Press},
  year = {2004},
  note = {{ISBN} 9780122648410},
}

@article{smith,
  author = {AM Smith and BK Lewis and UE Ruttimann and FQ Ye and TM Sinnwell and Y Yang and JH Duyn and JA Frank},
  title = {Investigation of low frequency drift in {fMRI} signal},
  journal = {NeuroImage},
  volume = {9}, 
  pages = {526-533},
  year = {1999},
}

@book{moore,
  author = {David S. Moore and George P. McCabe and Bruce A. Craig},
  title = {Introduction to the practice of statistics},
  publisher = {W.H. Freeman \& Company},
  year = {2007},
  note = {{ISBN} 9781429216227},
}

@inproceedings{intel,
  author = {Victor W Lee and Changkyu Kim and Jatin Chhugani and Michael Deisher and
Daehyun Kim and Anthony D. Nguyen and Nadathur Satish and Mikhail Smelyanskiy and
Srinivas Chennupaty and Per Hammarlund and Ronak Singhal and Pradeep Dubey},
 title = {Debunking the 100X {GPU} vs. {CPU} Myth: An Evaluation of Throughput Computing on {CPU} and {GPU}},
 booktitle = {Proceedings of {ICSA}, 2010},
 pages = {},
}

@inproceedings{nere,
  author = {Andrew Nere and Mikko Lipasti},
  title = {Cortical architectures on a {GPGPU}},
  booktitle = {Proceedings of the 3rd workshop on general-purpose computation on graphics processing units},
  pages = {12-18},
  year = {2010},
}

@book{adler,
  author = {R.J. Adler},
  title = {The geometry of random fields},
  year = {1981},
  publisher = {New York: Wiley},
}


@article{dwaas,
  author = {Meyer Dwass},
  title = {Modified Randomization Tests for Nonparametric Hypotheses},
  journal = {The Annals of Mathematical Statistics},
  volume = {28},
  pages = {181-187},
  year = {1957},
} 

@inproceedings{nageswaran,
  author = {Jayram Moorkanikara Nageswaran and Nikil Dutt and Jeffrey L. Krichmar and Alex Nicolau and Alex Veidenbaum},
  title = {Efficient Simulation of Large-Scale Spiking Neural
Networks Using {CUDA} Graphics Processors},
  booktitle = {International joint conference on neural networks},
  year = {2009},
}

@article{greene,
  author = {Casey S. Greene and Nicholas A. Sinnott-Armstrong and Daniel S. Himmelstein and Paul J. Park and Jason H. Moore and Brent T. Harris},
  title = {Multifactor dimensionality reduction for graphics processing units enables genome-wide testing of epistasis in sporadic {ALS}},
  journal = {Bioinformatics},
  volume = {26},
  pages = {694-695},
  year = {2010},
}

@article{worsley,
  author = {K. Worsley and C. Liao and J. Aston and V. Petre and G. Duncan and F. Morales and A. Evans},
  title = {A general statistics analysis for {fMRI} data},
  journal = {NeuroImage},
  volume = {15},
  pages = {1-15},
  year = {2002},
}

@article{bullmore,
  author = {E. Bullmore and M. Brammer and S. Williams and S. Rabe-Hesketh and N. Janot and A. David and J. Mellers and R. Howard and P. Sham},
  title = {Statistical methods of estimation and inference for functional {MR} image analysis},
  journal = {Magnetic Resonance in Medicine},
  volume = {35},
  pages = {261-277},
  year = {1996},
}



@article{friston_correlation,
  author = {K. Friston and P. Jezzard and R. Turner},
  title = {Analysis of functional {MRI} time series},
  journal = {Human Brain Mapping},
  volume = {1},
  pages = {153-171},
  year = {1994},
}


@article{laird,
  author = {A. Laird and B. Rogers and M. Meyerand},
  title = {Comparison of {Fourier} and wavelet resampling methods},
  journal = {Magnetic resonance in medicine},
  volume = {51},
  pages = {418-422},
  year = {2006},
}


@article{gembris,
  author = {Daniel Gembris and Markus Neeb and Markus Gipp and Andreas Kugel and Reinhard M\"{a}nner},
  title = {Correlation analysis on {GPU} systems using {NVIDIA's} {CUDA}},
  journal = {Journal of real-time image processing},
  pages = {1-6},
  year = {2010},
}

@article{ng,
  title = {Connectivity-informed {fMRI} activation detection},
  author = {B. Ng and R. Abugharbieh and G. Varoquaux and J.B. Poline and B. Thirion},
  journal = {Lecture notes in computer science, Proceedings of the 14th {International} conference on Medical image computing and computer-assisted intervention (MICCAI)},
  volume = {6892},
  pages = {285-292},
  year = {2011},
}

@article{bosch,
  author = {Volker Bosch},
  title = {Statistical analysis of multi-subject {fMRI} data: Assessment of focal activations},
  journal = {Journal of Magnetic Resonance Imaging},
  volume = {11},
  pages = {61-64},
  year = {2000},  
}

@INPROCEEDINGS{eklund_icip,
  author = {A. Eklund and O. Friman and M. Andersson and H. Knutsson},
  title = {A {GPU} Accelerated Interactive Interface for Exploratory Functional Connectivity Analysis of {fMRI} Data},
  booktitle = {IEEE {I}nternational {C}onference on {I}mage {P}rocessing (ICIP)},
  year = {2011},
  pages = {1621-1624},
}


@INPROCEEDINGS{anderson_oates,
  author = {Michael L. Anderson and Tim Oates},
  title = {A critique of multi-voxel pattern analysis},
  booktitle = {Proceedings of the 32nd Annual Conference of the Cognitive Science Society},
  year = {2010},
}


@misc{nvidia_programming_guide,
  author = {Nvidia},
  note = {{CUDA} Programming Guide, Version 3.2},
}

@article{friman_resampling,
   author = {Ola Friman and Carl-Fredrik Westin},
   title = {Resampling {fMRI} Time Series},
   journal = {NeuroImage},
   volume = {25},
   pages = {859-867},
   year = {2005},
}

@article{cochrane,
   author = {D. Cochrane and G.H. Orcutt},
   title = {Application of least squares regression to relationships containing autocorrelated error terms},
   journal = {Journal of the American Statistical Association},
   volume = {44},
   pages = {32-61},
   year = {1949},
}

@article{craddock,
   author = {R. Cameron Craddock and P. E. Holtzheimer and X. P. Hu and Helen S. Mayberg},
	 title = {Disease state prediction from resting state functional connectivity},
	 journal = {Magnetic Resonance in Medicine},
	 volume = {62},
	 pages = {1619-1628},
	 year = {2009},
}

@article{strother,
   author = {SC Strother},
   title = {Evaluating {fMRI} Preprocessing Pipelines},
   journal = {{IEEE} Engineering in Medicine and Biology Magazine},
   volume = {25},
   pages = {27-41},
   year = {2006},
}

@article{biswal,
   author = {B. Biswal and F.Z. Yetkin and V.M. Haughton and J.S. Hyde},
   title = {Functional connectivity in the motor cortex of resting state human brain using echo-planar {MRI}},
   journal = {Magnetic Resonance in Medicine},
   volume = {34},
   pages = {537-541},
   year = {1995},
}

@book{larsson_qmri,
   author = {Jonatan Larsson},
   title = {Implementation and evaluation of motion correction for quantitative MRI},
   year = {2010},
   publisher = {Master thesis, ISRN LiTH-ISY-EX--07/3902--SE},
}


@inproceedings{eklund_qmri,
  author = {A. Eklund and M. Warntjes and M. Andersson and H. Knutsson},
  title = {Fast Phase Based Registration for Robust Quantitative {MRI}},
  booktitle = {Proceedings of the annual meeting of International society for magnetic resonance in medicine {(ISMRM)}},
  year = {2010},
}

@inproceedings{cordes,
  author = {D. Cordes and R. Nandy and M. Jin},
  title = {Constrained {CCA} with Different Novel Linear Constraints and a Nonlinear Constraint in {fMRI}},
  booktitle = {Proceedings of the annual meeting of International society for magnetic resonance in medicine {(ISMRM)}},
  year = {2010},
}

@article{nandy,
  author = {R. Nandy and D. Cordes},
  title = {A novel nonparametric approach to canonical correlation analysis with applications to low {CNR} functional {MRI} data},
  journal = {Magnetic Resonance in Medicine},
  volume = {49},
  pages = {1152-1162},
  year = {2003},
}

@article{brammer,
  author = {M. J. Brammer and E. T. Bullmore and A. Simmons and S. C. R. Williams and P. M. Grasby and R. J. Howard and P.W. R.Woodruff and S. Rabe-Hesketh},
  title = {Generic brain activation mapping in functional magnetic resonance imaging: A nonparametric approach},
  journal = {Magnetic Resonance Imaging},
  volume = {15},
  pages = {763-770},
  year = {1997},
}

@article{shterev,
  author = {Ivo Shterev and Sin-Ho Jung and Stephen George and Kouros Owzar},
  title = {{permGPU}: Using Graphics Processing Units in {RNA} Microarray Association Studies},
  journal = {BMC Bioinformatics},
  volume = {11},
  pages = {329},
  year = {2010}
}

@article{yamada,
 author = {Tomoya Yamada and Takakazu Sugiyama},
 title = {On the permutation test in canonical correlation analysis},
 journal = {Computational Statistics \& Data Analysis},
 volume = {50},
 pages = {2111-2123},
 year = {2006},
}


@article{locascio,
 author = {J. J. Locascio and P. J. Jennings and C. I. Moore and S. Corkin}, 
 title = {Time series analysis in the time domain and resampling methods for studies of functional magnetic resonance brain imaging},
 journal = {Human Brain Mapping},
 volume = {5},
 pages = {168-193},
 year = {1997},
}

@article{belmonte,
 author = {Matthew Belmonte and Deboray Yurgelun-Todd},
 title = {Permutation Testing Made Practical for Functional Magnetic Resonance Image Analysis},
 journal = {IEEE Transactions on Medical Imaging},
 volume = {20},
 pages = {243-248},
 year = {2001},
}

@article{mckeown,
  author = {M. McKeown and T. Sejnowski},
  title = {Independent Component Analysis of {fMRI} Data: Examining the Assumptions},
  journal = {Human Brain Mapping},
  volume = {6},
  pages = {368-372},
  year = {1998},
}

@article{golay,
  author = {Xavier Golay and Jacco A. de Zwart and Yi-Ching Lynn Ho and Yih-Yian Sitoh},
  title = {Parallel Imaging Techniques in Functional {MRI}},
  journal = {Topics in Magnetic Resonance Imaging},
  volume = {15},
  pages = {255-265},
  year = {2004},
}

@inproceedings{stone,
  author =  {Sam S. Stone and Justin P. Haldar and Stephanie C. Tsao and Wen-mei W. Hwu and Zhi-Pei Liang and Bradley P. Sutton},
  title = {Accelerating Advanced {MRI} Reconstructions on {GPUs}},
  booktitle = {Proceedings of the 5th International Conference on Computing Frontiers},
  year = {2008},
}

@article{mcgraw,
  author = {T. McGraw and M. Nadar},
  title = {Stochastic {DT-MRI} Connectivity Mapping on the {GPU}},
  journal = {{IEEE} Transactions on Visualization and computer graphics},
  volume = {13},
  pages = {1504-1511},
  year = {2007},
}

@inproceedings{heidemann,
  author = {Robin Martin Heidemann and Dimo Ivanov and Robert Trampel and Joeran Lepsien and Fabrizio Fasano and Josef Pfeuffer and Robert Turner},
  title = {Isotropic Sub-Millimeter {fMRI} in Humans at 7{T}},
  booktitle = {Proceedings of the annual meeting of International society for magnetic resonance in medicine {(ISMRM)}},
  year = {2010},
}

@article{raz,
  author = {Jonathan Raz and Hui Zheng and Hernando Ombao and Bruce Turetsky},
  title = {Statistical tests for {fMRI} based on experimental randomization},
  journal = {NeuroImage},
  volume = {19},
  pages = {226-232},
  year = {2003},
}

@article{nichols,
  author = {Thomas E. Nichols and Andrew P. Holmes},
  title = {Nonparametric permutation tests for functional neuroimaging: A primer with examples},
  journal = {Human Brain Mapping},
  volume = {15},
  pages = {1-25},
  year = {2001},
}

@article{aberg,
  author = {Malin Bj\"{o}rnsdotter {\AA}berg and Johan Wessberg},
  title = {An evolutionary approach to the identification of informative voxel clusters for brain state discrimination},
  journal = {{IEEE} Journal of selected topics in signal processing},
  volume = {2},
  issue = {6},
  pages = {919-928},
  year = {2008},
}

@inproceedings{stc1,
	author = {R.N.A. Henson and C. Buchel and O. Josephs and K.J. Friston},
	title = {The slice-timing problem in event-related f{MRI}},
	booktitle = {{N}euro{I}mage},
	pages = {125},
	year = {1999},
	volume = {9},
}

@inproceedings{stc2,
	author = {Vince D. Calhoun and Xavier Golay and Godfrey Pearlson},
	title = {Improved {fMRI} Slice Timing Correction: Interpolation Errors and Wrap Around Effects},
	booktitle = {Proceedings of the annual meeting of International society for magnetic resonance in medicine {(ISMRM)}},
	year = {2000},
}


@inproceedings{lin,
  author = {Yuping Lin and Gerard Medioni},
  title = {Mutual information computation and maximization using {GPU}},
  booktitle = {Computer vision and pattern recognition workshops (CVPRW)},
  pages = {1-6},
  year = {2008},
}

@inproceedings{kikinis,
  author = {R Kikinis and Simon Warfield and Carl-Fredrik Westin},
  title = {High Performance Computing {(HPC)} in Medical Image Analysis {(MIA)} at the Surgical Planning Laboratory {(SPL)}},
  booktitle = {3rd High Performance Computing Asia Conference \& Exhibition},
  year = {1998},
}

@article{praun,
   author = {Tiberiu Stef-Praun and Benjamin Clifford and Ian Foster and Uri Hasson and Michael Hategan and Steven Small and Michael Wilde and Yong Zhao},
   title  = {Accelerating Medical Research using the Swift Workflow System},
   journal = {Studies in Health Technology and Informatics},
   volume = {126},
   year = {2007},
   pages = {207-216},
} 

@inproceedings{kong,
  author = {Jingfei Kong and Martin Dimitrov and Yi Yang and Janaka Liynage and Lin Cao and Jacob Staples and Mike Mantor and Huiyang Zhou},
  title = {Accelerating {M}atlab Image Processing Toolbox Functions on {GPU}s},
  booktitle = {3rd Workshop on General-Purpose Computation on Graphics Processing Units (GPGPU-3)},
  year = {2010},
}

@inproceedings{gedamu,
  author = {Elias Gedamu and Abraham Gedamu and Douglas Arnold and D Louis Collins},
  title = {{MRI} Inter-Packet movement correction for images acquired with non-complementary data},
  booktitle = {Proceedings of the IEEE International Symposium on Biomedical Imaging: From Nano to Macro},
  year = {2008},
}

@INPROCEEDINGS{svensson,
  author = {B. Svensson and M. Andersson and H. Knutsson},
  title = {Filter Networks for Efficient Estimation of Local 3{D} Structure},
  booktitle = {IEEE {I}nternational {C}onference on {I}mage {P}rocessing (ICIP'05)},
  year = {2005},
  pages = {573-576},
  address = {Genoa, Italy},
}

@INPROCEEDINGS{andersson1,
  author = {M. Andersson and J. Wiklund and H. Knutsson},
  title = {Filter Networks},
  booktitle = {Proceedings of Signal and Image Processing ({SIP}'99)},
  year = {1999},
}

@TECHREPORT{andersson2,
  author = {M. Andersson and J. Wiklund and H. Knutsson},
  title = {Sequential {F}ilter {T}rees for {E}fficient 2{D} 3{D} and 4{D} {O}rientation
	{E}stimation},
  institution = {ISY},
  year = {1998},
  type = {Report},
  number = {LiTH-ISY-R-2070},
}

@INPROCEEDINGS{hemmendorff2,
  author = {M. Hemmendorff and M. Andersson and H. Knutsson},
  title = {Phase-based Image Motion Estimation and Registration},
  booktitle = {International Conference on Acoustics, Speech, and Signal Processing
	(ICASSP), 1999},
  year = {1999},

}


@book{friman_phd,
   author = {Ola Friman},
   title = {Adaptive Analysis of f{MRI} Data},
   year = {2003},
   publisher = {PhD Thesis},
   note = {{ISBN} 91-7373-699-6},
}

@book{rydell_phd,
   author = {Joakim Rydell},
   title = {Advanced {MRI} Data Processing},
   year = {2007},
   publisher = {PhD Thesis},
   note = {{ISBN} 978-91-85895-59-5},
}

@article{kettenring,
  author = {J. Kettenring},
  title = {Canonical analysis of several sets of variables},
  journal = {Biometrika},
  volume = {58},
  pages = {433-451},
  year = {1971},
}

@inproceedings{correa,
  author = {NM Correa and Li Yi-Ou and T. Adali and VD Calhoun},
  title = {Fusion of f{MRI}, s{MRI} and {EEG} data using canonical correlation analysis},
  booktitle = {Proceedings of International Conference on Acoustics, Speech and Signal Processing (ICASSP)},
  pages = {385-388},
  year = {2009},
}

@article{ogawa,
  author = {S. Ogawa and D. Tank and R. Menon and J. Ellermann and S. Kim and H. Merkle and K. Ugurbil},
  title = {Intrinsic signal changes accompanying sensory stimulation: Functional brain mapping with magnetic resonance imaging},
  journal = {Proc. Natl. Acad. Sci. {USA}},
  volume = {89},
  pages = {5951-5955},
  year = {1992},
}

@article{bandettini,
  author = {P.A. Bandettini and E.C. Wong and R.S. Hinks and R.S. Tikofsky and J.S. Hyde},
  title = {Time course {EPI} of human brain function during task activation},
  journal = {Magnetic Resonance in Medicine},
  volume = {25},
  pages = {390-397},
  year = {1992},
}

@article{belliveau,
  author = {J. Belliveau and D. Kennedy and R. McKinstry and B. Buchbinder and R. Weisskoff and M. Cohen and J. Vevea and T. Brady and B. Rosen},
  title = {Functional mapping of the human visual cortex by magnetic resonance imaging},
  journal = {Science},
  volume = {254},
  pages = {716-719},
  year = {1991},
}

@article{das,
  author = {S. Das and P. Sen},
  title = {Restricted canonical correlations},
  journal = {Linear Algebra and its Applications},
  volume = {210},
  pages = {29-47},
  year = {1994},
}

@article{das2,
  author = {S. Das and P. Sen},
  title = {Asymptotic distribution of restricted canonical correlations and relevant resampling methods},
  journal = {Journal of multivariate analysis},
  volume = {56},
  pages = {1-19},
  year = {1996},
}


@article{buxton,
   title = {Dynamics of blood flow and oxygenation changes during brain activation: the balloon model},
   author = {R. Buxton and E. Wong and L. Frank},
   journal = {Magnetic Resonance in Medicine},
   volume = {39},
   pages = {855-864},
   year = {1998},
}

@inproceedings{nukada,
  title = "Bandwidth intensive 3-{D} {FFT} kernel for {GPU}s using {CUDA}",
  author = "Nukada, A. and Ogata, Y. and Endo, T. and Matsuoka, S.",
  booktitle = "Proceedings of the 2008 ACM/IEEE conference on Supercomputing", 
  year = "2008",
}


@article{hemmendorff,
  title = "Phase-based Multidimensional Volume Registration",
  author = "Hemmendorff, M. and Andersson, M. and Kronander, T. and Knutsson, H.",
  journal = "IEEE Transactions on Medical Imaging",
  year = "2002",
  volume = "21",
  pages = "1536-1543",
}


@article{mellor_nonrigid,
	 title = {Non-rigid Multimodal Image Registration Using Local Phase}, 
   author = {Mathew Mellor and Michael Brady},
   journal = {Lecture notes in computer science, Medical Image Computing and Computer Assisted Intervention (MICCAI)},
   year = {2004},
   volume = {32},
   pages = {789-796},
}

@inproceedings{pauwels,
    title = "Realtime Phase-based Optical Flow on the {GPU}",
    author = "Pauwels, K. and Van Hulle, M. M.",
    booktitle = "Computer Vision and Pattern Recognition Workshops",
    year = "2008",
    pages = "1-8",
}


@inproceedings{filteropt,
    title = "Advanced Filter Design",
    author = "Knutsson, H. and Andersson, M. and Wiklund, J.",
    booktitle = "Scandinavian conference on image analysis (SCIA)",
    pages = "185 - 193",
    year = "1999",
}


@article{eklund_fMRI,
		title = {{fMRI} Analysis on the {GPU} - Possibilities and Challenges},
		author = {Anders Eklund and Mats Andersson and Hans Knutsson},
		journal = {Computer Methods and Programs in Biomedicine, http://dx.doi.org/10.1016/j.cmpb.2011.07.007},
		pages = {},
		year = {2011},
}

@inproceedings{eklund_gpu,
		author = {Eklund, A. and Andersson, M. and Knutsson, H.},
		title = {Phase Based Volume Registration Using {CUDA}},
		booktitle = {IEEE International Conference on Acoustics, Speech and Signal Processing (ICASSP), 2010},
		pages = {658-661},
		year = {2010},
}

@article{wong,
   author = "Wong, A. and Fieguth, P.",
   title = "Fast phase-based registration of multimodal data",
   journal = "Signal Processing",
   volume = "89",
   pages = "724 - 737",
   year = "2008",
}

@article{sorger,
    author = {Bettina Sorger and Brigitte Dahmen and Joel Reithler and Olivia Gosseries and Audrey Maudoux and Steven Laudreys and Rainer Goebel},
    title = {Another kind of '{BOLD} Response': answering multiple-choice questions via online decoded single trial brain signals},
    journal = {Progress in Brain Research},
    volume = {177},
    pages = {275-292},
    year = {2009},
}
    

@article{oakes,
   author = "Oakes, T.R. and Johnstone, T. and Ores Walsh, K.S. and Greischar, L.L. and Alexander, A.L. and Fox, A.S. and Davidson, R.J.",
   title = "Comparison of f{MRI} motion correction software tools",
   journal = "Neuroimage",
   volume = "28",
   pages = "529-543",
   year = "2005",
}

@article{mellor1,
   author = "Mellor, M. and Brady, M.",
   title = "Phase mutual information as similarity measure for registration",
   journal = "Medical Image Analysis",
   volume = "9",
   pages = "330-343",
   year = "2005",
}

@inproceedings{legg,
   title = "Improving Accuracy and Efficiency of Registration by Mutual Information using {S}turges' Histogram Rule",
   author = "Legg, P. A. and Rosin, P. L. and Marshall, D. and Morgan, J. E.",
   booktitle = "Medical Image Understanding and Analysis",
   pages = "26-30",
   year = "2007",
}

@article{pluim,
   title = "Mutual information based registration of medical images: a survey",
   author = "Pluim, Josien P. W. and Maintz, J.B. Antoine and Viergever, Max A.",
   journal = "IEEE Transactions on medical imaging",
   volume = "22",
   pages = "986-1004 ",
   year = "2003",
}

@book{poldrack,
  author = {Russel Poldrack and Jeanette Mumford and Thomas Nichols},
  title = {Handbook of Functional {MRI} Data Analysis},
  year = {2011},
  publisher = {Cambridge University Press},
  note = {{ISBN} 978-0-521-51766-9},
}

@book{wichern,
  author = {Richard Johnson and Dean Wichern},
  title = {Applied Multivariate Statistical Analysis},
  publisher = {Pearson Prentice Hall},
  year = {2007},
  note = {Sixth edition, {ISBN} 978-0-13-187715-3},
}

@inproceedings{knutte,
  author = {Hans Knutsson},
  title = {Representing Local Structure Using Tensors},
  booktitle = {Proceedings of Scandinavian Conference on Image Analysis (SCIA)},
  pages = {244-251},
  year = {1989},
}

@article{knutte_monomial,
  author = {Hans Knutsson and Carl-Fredrik Westin and Mats Andersson},
  title = {Representing Local Structure Using Tensors {II}},
  journal = {Lecture notes in computer science, Proceedings of Scandinavian Conference on Image Analysis (SCIA)},
  volume = {6688},
  pages = {545-556},
  year = {2011},
}

@article{warntjes,
   title = "Rapid magnetic resonance quantification on the brain: Optimization for clinical usage",
   author = "Warntjes, J.B.M. and Dahlqvist, L. and West, J. and Lundberg, P.",
   journal = "Magnetic Resonance in Medicine",
   volume = "60",
   pages = "320-329",
   year = "2008",
}


@Article{wolpaw,
    author = {J.R. Wolpaw and N. Birbaumer and D.J. McFarland and G. Pfurtscheller and T.M. Vaughan},
    title = {Brain-computer interfaces for communication and control},
    journal = {Clinical Neurophysiology},
    volume = {113},
    pages = {767-791},
    year = {2002},
}

@article{jin,
  title = {Extending Local Canonical Correlation Analysis to Handle General Linear Contrasts for {fMRI} Data},
  author = {Mingwu Jin and Rajesh Nandy and Tim Curran and Dietmar Cordes},
  journal = {International Journal of Biomedical Imaging, Article ID 574971},
  volume = {vol. 2012},
  year = {2012},
}

@PHDTHESIS{borga_thesis,
  author = {M. Borga},
  title = {Learning Multidimensional Signal Processing},
  school = {Link\"oping University, Sweden},
  year = {1998},
  note = {Dissertation No 531, ISBN 91-7219-202-X}
}

@PHDTHESIS{hemmendorff_thesis,
  author = {M. Hemmendorff},
  title = {Motion Estimation and Compensation in Medical Imaging},
  school = {Link\"oping University, Sweden},
  year = {2001},
  note = {Dissertation No 703, ISBN 91-7373-060-2},
}

@Article{lustig,
   author = {M. Lustig and D. Donoho and J.M. Pauly},
   title = {Sparse {MRI}: The application of compressed sensing for rapid {MR} imaging},
   journal = {Magnetic Resonance In Medicine},
   volume = {58},
   pages = {1182-1195},
   year = {2007},
}


@Article{manoj,
   author = {T. Manoj and C. Guan and J. Wu},
   title = {Robust classification of {EEG} signal for brain-computer interface},
   journal = {IEEE Transactions on Neural Systems and Rehabilitation Engineering},
   volume = {14},
   pages = {24-29},
   year = {2006},
}


@inproceedings{hollmann,
	author = {M. Hollmann and S. Baecke and S. Mueller and J. Bernarding},
    title = {Predicting Human Decisions in a Social Interaction-Scenario Using Real-Time Functional Magnetic Resonance Imaging (Rt-{FMRI})},
    booktitle = {Proceedings of ISMRM},
    year = {2009},
}

@article{rydell_bilateral,
   author = {J. Rydell and H. Knutsson and M. Borga},
   title = {Bilateral filtering of {fMRI} data},
   journal = {{IEEE} Journal of Selected Topics in Signal Processing},
   volume = {2},
   year =  {2008},
   pages = {891-896},
}

@Article{viola,
   author = "P. Viola and W. Wells",
   title = "Alignment by maximization of mutual information",
   journal = "International Journal of Computer Vision",
   volume = "24",
   pages = "137-154",
   year = "1997",
}

@book{gk95,
   author = "G. Granlund and H. Knutsson",
   title = "Signal Processing for Computer Vision",
   publisher = "Kluwer Academic Publishers",
   year = "1995",
   note = "{ISBN} 0-7923-9530-1",
}

@book{chapman,
   author = "Barbara Chapman and Gabriele Jost and Ruud van der Pas",
   title = "Using {OpenMP}, Portable Shared Memory Parallel Programming",
   publisher = "{MIT} Press",
   year = "2007",
   note = "{ISBN} 978-0-262-53302-7",
}


@Article{friston_movement,
   author =   "K.J. Friston and S. Howard and R. Frackowiak and R. Turner",
   title =   "Movement related effects in f{MRI} time series", 
   journal =   "Magnetic Resonance in Medicine",
   year =   "1996",
   volume =   "35",
   pages =   "346-355",
}

@inproceedings{rydell2,
  author = {J. Rydell and M. Borga and H. Knutsson},
  title = {Robust Correlation Analysis With an Application to Functional {MRI}},
  booktitle = "Proceedings of ICASSP",
  year = {2008},
}

@article{rydell1,
   author = {J. Rydell and H. Knutsson and M. Borga},
   title = {On Rotational Invariance in Adaptive Spatial Filtering of f{MRI} Data},
   journal = {NeuroImage},
   volume = {30},
   pages = {144-150},
   year = {2006},
}

@inproceedings{bannister,
   author = {P.R. Bannister and J.M. Brady},
   title = {Non-rigid Motion Estimation and Spatio-temporal Realignment in {FMRI}},
   booktitle = {Proceedings of IEEE Computer Society Conference on Computer Vision and Pattern Recognition Workshops ({CVPRW})},
   year = {2004},
}

@Article{kim,
    author = {B. Kim and J. L. Boes and P.H. Bland and T.L. Chenevert and C.R. Meyer},
    title = {Motion Correction in f{MRI} via Registration of Individual Slices Into an Anatomical Volume},
    journal = {Magnetic Resonance in Medicine},
    volume = {41},
    pages = {964-972},
    year = {1999},
}

@InProceedings{normconv,
  author         = {H. Knutsson and C.-F. Westin},                             
  title          = {Normalized and Differential Convolution: Methods for       
                   Interpolation  and Filtering of Incomplete and Uncertain    
                   data},                                                      
  booktitle      = {Proceedings of Computer Vision and Pattern Recognition},                                                   
  pages          = {515-523},                                                 
  year           = {1993},      
} 


@inproceedings{mellor,
   title = "Non-rigid Multimodal Image Registration Using Local Phase",
   author = "Mellor, M. and Brady, M.",
   booktitle = "Lecture notes in computer science, Medical Image Computing and Computer Assisted Intervention (MICCAI)",
   year = "2004",
   volume = "3216",
   pages = "789-796"
}

@inproceedings{bui,
    title = "Performance analysis of accelerated image registration using {GPGPU}",
    author = "Bui, P. and Brockman, J.",
    booktitle = "Proceedings of 2nd workshop on general purpose processing on graphics processing units",
    year = "2009",
    pages = "38-45",
}


@inproceedings{dalvi,
   author = "Dalvi, R. and Abugharbieh, R. and Pickering, M. and Scarvell, J. and Smith, P.",
   title = "Registration of 2{D} to 3{D} Joint Images Using Phase-Based Mutual Information",
   booktitle = "Proceedings of SPIE",
   year = "2007",
}

@article{ding,
   title = "Quantification of multiple sclerosis lesion load and brain tissue volumetry using multiparameter {MRI}: methodology and reproducibility",
   author = "Ding, Z. and Preiningerova, J. and Cannistraci, C.J. and Vollmer, T.L. and Gore, J.C. and Anderson, A.W.",
   journal = "Magnetic Resonance Imaging",
   volume = "23",
   pages = "445-452",
   year = "2005",
}

@article{friston_SPM,
    title = "Spatial realignment and normalization of images",
    author = "Friston, KJ and Ashburner, J. and Poline, J.B.",
    journal = "Human Brain Mapping",
    volume = "2",
    pages = "165-189",
    year = "1995",
}

@Article{branco,
  author = {Daniel Branco and Stephen Whalen and Jaderson C. da Costa and Alexandra Golby},
  title = {Functional {MRI} Memory Mapping for Epilepsy Surgery Planning: A Case Report},
  journal = {Journal of Epilepsy and Clinical Neurophysiology},
  year = {2005},
  volume = {11},
  pages = {39-44},
}

@Article{kesavadas,
  author = {Chandrasekharan Kesavadas and Bejoy Thomas},
  title = {Clinical applications of functional {MRI} in epilepsy},
  journal = {Indian Journal of Radiology and Imaging},
  year = {2008},
  volume = {18},
  pages = {210-217},
}


@Article{laconte,
  author = {Stephen M. Laconte and Scott J. Peltier and Xiaoping P. Hu},
  title = {Real-Time f{MRI} Using Brain-State Classification},
  journal = {Human Brain Mapping},
  year = {2007},
  volume = {28},
  pages = {1033-1044},
}

@Article{carey,
  author = {James R. Carey and Teresa J. Kimberley and Scott M. Lewis and Edward J. Auerbach and Lisa Dorsey and Peter Rundquist and Kamil Ugurbil},
  title = {Analysis of f{MRI} and finger tracking training in subjects with chronic stroke},
  journal = {Brain},
  year = {2002},
  volume = {125},
  pages = {773-788},
}

@Article{moller,
  author = {M. M\"{o}ller and M. Freund and C. Greiner and W. Schwindt and C. Gaus and W. Heindel},
  title = {Real time f{MRI}: a tool for the routine presurgical localisation of the motor cortex},
  journal = {Eur Radiol},
  year = {2005},
  volume = {15},
  pages = {292-295},
}

@Article{miyawaki,
  author = {Yoichi Miyawaki and Hajime Uchida and Okito Yamashita and Masa-aki Sato and Yusuke Morito and Hiroki C. Tanabe and Norihiro Sadato and Yukiyasu Kamitani},
  title = {Visual Image Reconstruction from Human Brain Activity using a Combination of Multiscale Local Image Deecoders},
  journal = {Neuron},
  year = {2008},
  volume = {60},
  pages = {915-929},
}

@Article{zimmermann,
  author = {M. Zimmermann and V. Seifert and C. Trantakis and K. Kuhnel and A. Raabe and J.-P. Schneider and J. Dietrich and F. Schmidt},
  title = {Open {MRI}-Guided Microsurgery of Intracranial Tumours. {P}reliminary Experience Using a Vertical Open {MRI}-Scanner},
  journal = {Acta Neurochirurgica},
  year = {2000},
  volume = {142},
  pages = {177-186},
}



@inproceedings{muyan,
    author = {Pinar Muyan-\"{O}zcelik and John D. Owens and Junyi Xia and Sanjiv S. Samant},
    title = {Fast Deformable Registration on the {GPU}: A {CUDA} Implementation of Demons},
    booktitle = {International Conference on Computational Sciences and Its Applications (ICCSA)},
    year = {2008},
}

@Article{hernell,
  author = {Frida Hernell and Patric Ljung and Anders Ynnerman},
  title = {Efficient Ambient and Emissive Tissue Illumination using Local Occlusion
	in Multiresolution Volume Rendering},
  journal = {Eurographics/IEEE-VGTC Symposium on Volume Graphics},
  year = {2007},
}

@Article{beyer,
  author = {Beyer, J. and Hadwiger, M. and Wolfsberger, S. and Buhler, K.},
  title = {High-Quality Multimodal Volume Rendering for Preoperative Planning
	of Neurosurgical Interventions},
  journal = {IEEE Transactions on Visualization and Computer Graphics},
  year = {2007},
  volume = {13},
  pages = {1696-1703},
  number = {6},
}

@Article{robler,
    author = {Friedemann R{\"{o}}{\ss}ler and Eduardo Tejada and Thomas Fangmeier and Thomas Ertl and Markus Knauff},
    title = {{GPU}-based multi-volume rendering for the visualization of functional brain images},
    journal = {Procceedings of SimVis},
    year = {2006},
    pages = {305-318},
}

@Article{decharms_learned,
    author = {R. Christopher deCharms and Kalina Christoff and Gary H. Glover and John M. Pauly and Susan Whitfield and John D.E. Gabrieli},
    title = {Learned regulation of spatially localized brain activation using real-time f{MRI}},
    journal = {NeuroImage},
    volume = {21},
    year = {2004},
    pages = {436-443},
}

@article{woolrich2,
   author = {Mark W. Woolrich and Brian D. Ripley and Michael Brady and Stephen M. Smith},
   title = {Temporal autocorrelation in univariate linear modeling of {FMRI} data},
   journal = {NeuroImage},
   volume = {14},
   pages = {1370-1386},
   year = {2001},
}

@Article{woolrich,
		author = {Mark W. Woolrich and Mark Jenkinson and Michael Brady and Stephen M. Smith},
		title = {Fully Bayesian Spatio-Temporal Modeling of f{MRI} Data},
		journal = {IEEE Transactions on Medical Imaging},
		volume = {23},
		issue = {2},
		year = {2004},
		pages = {213-231},
}

@Article{yoo,
    author = {Seung-Schik Yoo and Ty Fairneny and Nan-Kuei Chen and Seh-Eun Choo and Lawrende P. Panych and HyunWook Park and Soo-Yong Lee and Ferenc A. Jolesz},
    title = {Brain-computer interface using f{MRI}: spatial navigation by thoughts}, 
    journal = {Neuroreport},
    volume =  {15},
    pages = {1591-1595},
    year = {2004},
}

@Article{friston_GLM,
    author = {K.J. Friston and A.P. Holmes and K.J. Worsley and J.B. Poline and C. Frith and R.S.J. Frackowiak},
    title = {Statistical Parametric Maps In Functional Imaging: A General Linear Approach},
    journal = {Human Brain Mapping},
    volume = {2},
    pages = {189-210},
    year = {1995},
}

@Article{friman_detrending,
    author = {Ola Friman and Magnus Borga and Peter Lundberg and Hans Knutsson},
    title = {Detection and detrending in f{MRI} data analysis},
    journal = {NeuroImage},
    volume = {22},
    pages = {645-655},
    year = {2004},
}

@article{orchard,
  author = {Jeff Orchard and Chen Greif and Gene H. Golub and Bruce Bjornson and M. Stella Atkins},
  title = {Simultaneous Registration and Activation Detection for {fMRI}},
  journal = {IEEE Transactions on Medical Imaging},
  volume = {22},
  pages = {1427-1435},
  year = {2003},
}

@inproceedings{chiu,
   author = {Chiu, P. and Lisinski, J. and King-Casas, B. and Sharp, J. and Eagleman, D. and Versace, F. and Cinciripini, P. and LaConte, S.},
   title ={{M}odulating "crave" and "don't crave" brain states with real-time f{MRI} neurofeedback in smokers},
   bookTitle = {16th Annual Meeting of the Organization for Human Brain Mapping, Barcelona},
   pages = {},
   year = {2010},
 }

@article{freire,
  author = {L. Freire and J.-F. Mangin},
  title = {Motion Correction Algorithms May Create Spurious Brain Activations in the Absence of Subject Motion},
  journal = {NeuroImage},
  volume = {14},
  pages = {709-722},
  year = {2001},
}


@Article{friman_exploratory,
    author = {Ola Friman and Magnus Borga and Peter Lundberg and Hans Knutsson},
    title = {Exploratory {fMRI} Analysis by Autocorrelation Maximization},
    journal = {NeuroImage},
    volume = {16},
    pages = {454-464},
    year = {2002},
}

@Article{shams_survey,
    author = {R. Shams and P. Sadeghi and R. A. Kennedy and R. I. Hartley},
    title = {A survey of medical image registration on multicore and the {GPU}},
    journal = {{IEEE} Signal Processing Magazine},
    year = {2010},
    volume = {27},
    pages = {50-60},
}



@inproceedings{ohlsson,
    author = {Henrik Ohlsson and Joakim Rydell and Anders Brun and Jacob Roll and Mats Andersson and Anders Ynnerman and Hans Knutsson},
    title = {Enabling Bio-Feedback Using Real-Time f{MRI}},
    booktitle = {47th IEEE Conference on Decision and Control},
    year = {2008},
} 


@Article{christos,
    author = {Christos Davatzikos and Kosha Ruparel Yong Fan and Dinggang Shen and, M. Acharyya and James Loughead and Ruben Gur and Daniel D. Langleben},
    title = {Classifying spatial patterns of brain activity with machine learning methods: application to lie detection},
    journal = {NeuroImage},
    volume = {28},
    pages = {663-668},
    year = {2005},
}


@book{haykin,
    author = {Simon Haykin},
    title = {Neural networks - a comprehensive foundation}, 
    publisher = {Prentice Hall},
    note = {ISBN 0-13-273350-1},
    year = {1999},
}

@Article{yacoub,
    author = {E. Yacoub and X. Hu},
    title = {Detection of early negative response in f{MRI} at 1.5 tesla}, 
    journal = {Magnetic Resonance in Medicine},
    volume = {41},
    pages = {1088-1092},
    year = {1999},
}

@Article{boly,
    author = {M. Boly and M.R. Coleman and M.H. Davis and A. Hampshire and D. Bor and G. Moonen and P.A. Maquet and J.D. Pickard and S. Laureys and A.M. Owen}, 
    title = {When thoughts become action: An f{MRI} paradigm to study volitional brain activity in non-communicative brain injured patients},
    journal = {NeuroImage},
    volume = {36},
    pages = {979-992},
    year = {2007},
}

@book{niedermeyer,
   author = {Ernst Niedermeyer and Lopes da Silva},
   title = {Electroencephalography: Basic Principles, Clinical Applications, and Related Fields},
   publisher = {Lippincott Williams \& Wilkins},
   year = {2004},
   note = {ISBN 0781751268},
   edition  = {Fifth},
}

@book{lazar,
  author = {Nicole Lazar},
  title = {The Statistical Analysis of Functional {MRI} Data},
  year = {2008},
  publisher = {Springer},
  note = {ISBN 978-0-387-78190-7},
}

@Article{sitaram,
  author = {Ranganatha Sitaram and Andrea Caria and Ralf Veit and Tilman Gaber and Giuseppina Rota and Andrea Kuebler and Nils Birbaumer},
  title = {f{MRI} Brain-Computer Interface: A Tool for Neuroscientific Research and Treatment},
  journal = {Computational Intelligence and Neuroscience},
  year = {2007},
}

@Article{lee,
  author = {Jong-Hwan Lee and Jeongwon Ryu and Ferenc A. Jolesz and Zang-Hee Cho and Seung-Schik Yoo},
  title = {Brain-machine interface via real-time f{MRI}: Preliminary study on thought-controlled robotic arm},
  journal = {Neuroscience Letters},
  volume = {450},
  issue = {1},
  pages = {1-6},
  year = {2009},
}

@Article{decharms_applications,
  author = {R. Christopher deCharms},
  title = {Applications of real-time f{MRI}},
  journal = {Nature Reviews Neuroscience},
  year = {2008},
  volume = {9},
  pages = {720-729},
}

@Article{cox_motion_correction,
    author = {Robert W. Cox and Andrzej Jesmanowicz},
    title = {Real-time 3{D} image registration for functional {MRI}},
    journal = {Magnetic Resonance in Medicine},
    volume = {42},
    pages = {1014-1018},
    year = {1999},
}

@article{zarahn,
   author = {E. Zarahn and G.K. Aguirre and M. D'Esposito},
   title = {Empirical Analyses of {BOLD fMRI} Statistics {I.} {Spatially} Unsmoothed Data Collected under Null-Hypothesis Conditions},
  journal = {NeuroImage},
  volume = {5},
   pages = {179-197},
   year = {1997},
}

@Article{goebel,
    author = {Rainer Goebel},
    title = {Cortex-based real-time f{MRI}},
    journal = {NeuroImage},
    volume = {13},
    issue = {S129},
    year = {2001},
}

@Article{weiskopf,
    author = {Nikolaus Weiskopf and Ralf Veit and Michael Erb and Klaus Mathiak and Wolfgang Grodd and Rainer Goebel and Niels Birbaumer},
    title = {Physiological self-regulation of regional brain activity using real-time functional magnetic resonance imaging (f{MRI}): methodology and exemplary data},
    journal = {NeuroImage},
    volume = {19},
    pages = {577-586},
    year = {2003},
}



@Article{wu,
  author = {T. Wu and M. Hallett},
  title = {A functional {MRI} study of automatic movements in patients with {P}arkinson's disease},
  journal = {Brain},
  year = {2005},
  volume = {128},
  pages = {2250-2259},
}

@Article{branco,
  author = {Daniel Branco and Stephen Whalen and Jaderson C. da Costa and Alexandra Golby},
  title = {Functional {MRI} Memory Mapping for Epilepsy Surgery Planning: A Case Report},
  journal = {Journal of Epilepsy and Clinical Neurophysiology},
  year = {2005},
  volume = {11},
  pages = {39-44},
}

@Article{bagarinao,
  author = {E. Bagarinao and K. Matsuo and T. Nakai},
  title = {Real-time functional {MRI} using a {PC} cluster},
  journal = {Concepts in magnetic resonance},
  year = {2003},
  volume = {19B},
  pages = {14-25},
}

@Article{goddard,
   author = {Nigel Goddard and Greg Hood and Jonathan Cohen and William Eddy and Christopher Genovese and Douglas Noll and Leigh Nystrom},
   title = {Online Analysis of Functional {MRI} Datasets on Parallel Platforms},
   journal = {Journal of Supercomputing},
   volume = {11},
   pages = {295-318},
   year = {1997},
}

@Article{cox,
    author = {Robert W. Cox and Andrzej Jesmanowicz and James S. Hyde},
    title = {Real-Time Functional Magnetic Resonance Imaging},
    journal = {Magnetic Resonance in Medicine},
    volume = {33},
    issue = {2},
    pages = {230-236},
    year = {1995},
}

@inproceedings{cusack,
    author = {Rhodri Cusack and Adrian M. Owen},
    title = {Distinct networks of connectivity for parietal but not frontal regions identified with a novel alternative to the "resting state" method},
    booktitle = {Fifteenth Annual Meeting of the Cognitive Neuroscience Society},
    year = {2008},
}

@misc{fastra,
    author = {{FASTRA II}},
    note = {http://fastra2.ua.ac.be/},
}

@misc{openmp,
    author = {{OpenMP - The {OpenMP API} Specification for Parallel Programming}},
    note = {http://www.openmp.org/},
}

@misc{jacket,
    author = {{Jacket - The {GPU} Engine for Matlab}},
    note = {http://www.accelereyes.com/},
}

@misc{cula,
    author = {{CULA - GPU-accelerated LAPACK}},
    note = {http://www.culatools.com/},
}

@misc{magma,
    author = {{MAGMA - Matrix Algebra on GPU and Multicore Architectures}},
    note = {http://icl.cs.utk.edu/magma/},
}


@misc{spm_cca,
    author = {Nils Paulsson},
    note = {fMRI analysis by {CCA} in SPM, http://cca-fmri.sourceforge.net},
}

@misc{opencl,
	  author = {{The Khronos Group \& OpenCL}},
	  note = {http://www.khronos.org/opencl/},
}

@misc{spm_software,
    author = {{Statistical Parametric Mapping (SPM) software for fMRI analysis}},
    note = {http://www.fil.ion.ucl.ac.uk/spm/},
}

@inproceedings{catanzaro,
    author = {Bryan Cataranzo and Narayanan Sundaram and Kurt Keutzer},
    title = {Fast support vector machine training and classification on graphics processors},
    booktitle = {Proceedings of the 25th International conference on Machine learning},
    pages = {104-111},
    year = {2008},
}

@Article{andersen,
	author = {Andersen, Anders  H.},
        title = {Principal component analysis of the dynamic response measured by f{MRI}: a generalized linear systems framework},
	journal = {Magnetic Resonance Imaging},
	volume = {17},
	issue = {6},
	pages = {795--815},
	year = {1999}
}

@inproceedings{calhoun,
    author = {V.D. Calhoun and T. Adali and L.K. Hansen and J. Larsen and J.J. Pekar},
    title = {{ICA} of Functional {MRI} Data: An Overview},   
	booktitle = {Proceedings of 4th International Symposium on Independent Component Analysis and Blind Signal Separation ({ICA})},
	year = {2003},
}

@Article{goutte,
    author = {Cyril Goutte and Peter Toft and Egill Rostrup and Finn \AA. Nielsen and Lars Kai Hansen},
    title = {On Clustering f{MRI} Time Series},
    journal = {NeuroImage},
    volume = {9},
    issue = {3},
    pages = {298--310},
    year = {1999},
}

@inproceedings{buades,
   author = {A. Buades and B. Coll and J.M. Morel},
   title = {A non-local algorithm for image denoising}, 
   booktitle = {IEEE International Conference on Computer Vision and Pattern Recognition},
   pages = {60-65},
   year = {2005},
}

@article{eklund_permutation,
		title = {Fast Random Permutation Tests Enable Objective Evaluation of Methods for Single Subject {fMRI} Analysis},
		author = {Anders Eklund and Mats Andersson and Hans Knutsson},
		journal = {International Journal of Biomedical Imaging, Article ID 627947},
		pages = {},
		year = {2011},
}

@INPROCEEDINGS{eklund_hpmiccai,
  author = {A. Eklund and M. Andersson and H. Knutsson},
  title = {Improving {CCA} based {fMRI} Analysis by Covariance Pooling - {U}sing the {GPU} for Statistical Inference},
  booktitle = {Joint {MICCAI} Workshop on High Performance and Distributed Computing for Medical Imaging, {HP-MICCAI}},
  year = {2011},
}


@Article{yoo2004,
	address = {Department of Radiology, Brigham and Women's Hospital, Harvard Medical School, 75 Francis Street, Boston, MA 02115, USA. yoo@bwh.harvard.edu},
	author = {Yoo, S. S.  and Fairneny, T.  and Chen, N. K.  and Choo, S. E.  and Panych, L. P.  and Park, H.  and Lee, S. Y.  and Jolesz, F. A. },
	issn = {0959-4965},
	journal = {Neuroreport},
	number = {10},
	pages = {1591--1595},
	title = {Brain-computer interface using {fMRI}: spatial navigation by thoughts.},
	volume = {15},
	year = {2004}
}

@Article{friman_pixelbase,
  author = {O. Friman and J. Carlsson and P. Lundberg and M. Borga and H. Knutsson},
  title = {Detection of neural activity in functional {MRI} using Canonical Correlation Analysis},
  journal = {Magnetic Resonance in Medicine},
  year = {2001},
  volume = {45},
  number = {2},
  pages = {323-330}
}

@Article{friman_cca,
  author = {O. Friman and M. Borga and P. Lundberg and H. Knutsson},
  title = {Adaptive Analysis of {fMRI} Data},
  journal = {NeuroImage},
  year = {2003},
  volume = {19},
  pages = {837-845},
}

@Article{hotelling,
   author = {Hotelling, H.},
   year = {1936},
   title = {Relation between two Sets of Variates},
   journal = {Biometrika},
   volume = {28},
   pages = {322-377},
}


@Article{Kollias2000,
   journal = {Neuroradiology},
   title = {Dynamic characteristics of oxygenation-sensitive {MRI} signal in different temporal protocols for imaging human brain activity},
   author = {Kollias, S. S. and Golay, X. and Boesiger, P. and Valavanis, A.}, 
   volume = {42},
    issue  = {8},
   pages = {591-601},
    year = {2000},
 }
    
 @Article{Yacoub1999,
   journal = {Magnetic Resonance in Medicine},
   title = {Detection of the early negative response in {fMRI} at 1.5 tesla},
   author = {Yacoub, E. and Hu, X.}, 
   volume = {41},
   pages = {1088-1092},
    year = {1999},
}

   
  @Article{alertenv}<>

\end{alertenv}Weiskopf2007,
  author = {Weiskopf, Nikolaus and Sitaram,  Ranganatha  and Josephs, Oliver  and Veit, Ralf  and Scharnowski, Frank  and Goebel, Rainer and Birbaumer, Niels and Deichmann,  Ralf and  Mathiak, Klaus}, 
  title = {Real-time functional magnetic resonance imaging: methods and applications}, 
  journal = {Magnetic Resonance Imaging},
  volume = {25}, 
  issue = {6},  
  year = {2007}, 
  pages = {989-1003},
}


@Article{Weiskopf2004,
author = {Weiskopf, Nikolaus and Scharnowski, Frank  and Veit, Ralf and Goebel, Rainer and Birbaumer, Niels and Mathiak, Klaus},
title = {Self-regulation of local brain activity using real-time functional magnetic resonance imaging ({fMRI})}, 
journal ={Journal of Physiology-Paris},
volume = {98},
issues = {4-6},  
year = {2004}, 
pages = {357-373},
}

@Article{kubler,
title = {Brain-computer communication: Unlocking the locked in},  
author = {K\"{u}bler, Andrea and Kotchoubey, Boris and Kaiser, Jochen and Wolpaw, Jonathan R. and Birbaumer, Niels}, 
journal = {Psychological Bulletin}, 
year = {2001},
volume = {127},
pages = {358-375},
}

@article{friston_setlevel,
  title = {Detecting activations in {PET} and {fMRI}: Levels of inference and power},
  author = {K.J. Friston and A. Holmes and J-B. Poline and C.J. Price and C.D. Frith},
  journal  = {NeuroImage},
  volume = {40},
  pages = {223-235},
  year = {1996},
}


@Article{Kotchoubey2001,
title = {Modification of Slow Cortical Potentials in Patients with Refractory Epilepsy: A Controlled Outcome Study},  
author = {Kotchoubey, B. and Strehl, U. and Uhlmann, C. and Holzapfel, S. and König, M. and Fröscher, W. and Blankenhorn, V. and Birbaumer, N.}, 
journal = {Epilepsia},
year = {2001},
volume = {42},
issue = {11}, 
page = {406-416},
number ={3}, 
}

@Article{Pfurtscheller2000,
author = {Pfurtscheller, G.  and Guger,  C. and Muller, G. and Krausz,  G. and Neuper, C.},  
title = {Brain oscillations control hand orthosis in a tetraplegic}, 
journal = {Neuroscience Letters},
volume = {292}, 
issue = {3}, 
year =  {2000}, 
pages = {211-214},
}

@Article{Neuper2003,
author= {Neuper, C. and Muller, G. R. and Kubler, A. and Birbaumer, N. and Pfurtscheller, G.},
title = {Clinical application of an {EEG}-based brain-computer interface: a case study in a patient with severe motor impairment},
journal = {Clin Neurophysiol},
year = {2003},
volume = {114},
issue = {3},
pages = {399-409},
}

@Article{Fuchs2003,
title = {Neurofeedback Treatment for Attention-Deficit/Hyperactivity Disorder in Children: A Comparison with Methylphenidate}, 
author = { Fuchs, T. and Birbaumer, N. and Lutzenberger, W. and Gruzelier, J. H. and Kaiser, J.},
journal = {Applied Psychophysiology and Biofeedback}, 
volume = {28}, 
number = {1}, 
year = {2003}, 
pages = {1-12},
issue = {12},
}

@Article{birbaumer,
title = {Breaking the silence: Brain-computer interfaces {(BCI)} for communication and motor control}, 
author = {Birbaumer, Niels},
journal = {Psychophysiology}, 
volume = {43}, 
year =  {2006},
pages = {517-532},
}

@Article{BAGARINAO2006,
title = {Real-Time Functional {MRI}: Development and Emerging Applications}, 
author = {Bagarinao, E. and Nakai, T. and Tanaka, Y.},    
journal = {Magnetic resonance in medical sciences},
VOLUME = {5},
pages = {157-165},
year = {2006},
}

@Article{Nakaia2006,
title = {Dynamic monitoring of brain activation under visual stimulation using {fMRI} - The advantage of real-time {fMRI} with sliding window {GLM} analysis}, 
author = {Nakaia, Toshiharu and Bagarinao,  Epifanio and Matsuoa,  Kayako and  Ohgamic, Yuko  and Katod,  Chikako},
journal = {Journal of Neuroscience Methods}, 
volume = {157}, 
year = {2006}, 
pages = {158-167},
} 

@Article{Cox2003,
title = {Functional magnetic resonance imaging {(fMRI)} ''brain reading'': detecting and classifying distributed patterns of {fMRI} activity in human visual cortex},
author = {Cox, David D. and  Savoy, Robert L.},
journal ={NeuroImage}, 
volume = {19}, 
issue = {2}, 
year =  {2003}, 
pages = {261-270},
} 

@Article{Gembris1999,
title = {Functional magnetic resonance imaging in real time {(FIRE)}: Sliding-window correlation analysis and reference-vector optimization}, 
author = {Gembris, Daniel and  Taylor, John G. and  Schor, Stefan and  Frings, Wolfgang and  Suter, Dieter and Posse, Stefan },
journal = {Magnetic Resonance in Medicine},
volume = {43}, 
issue = {2}, 
pages ={259 - 268},
year = {2000},
}

@Article{Esposito2003,
title = {Real-time independent component analysis of {fMRI} time-series}, 
author = {Esposito, F. and Seifritz, E. and Formisano, E. and Morrone, R. and Scarabino, T. and Tedeschi, G. and Cirillo, S. and Goebel, R. and  Di Salle, F.},
journal = {NeuroImage}, 
volume = {20}, 
year = {2003}, 
pages =  {2209-2224},
}

@Article{LaConte2005,
author = {Stephen M. LaConte and S. Strother and V. Cherkassky and J. Anderson and  X. Hu}, 
title = {Support vector machines for temporal classification of block design {fMRI} data}, 
journal = {NeuroImage},
volume = {26}, 
issue = {2},
year = {2005}, 
pages = {317-329},
}

@Article{Schafhitzel2007,
  author = {Schafhitzel, T. and Ro{\ss}ler, F. and Weiskopf, D. and Ertl, T.},
  title = {Simultaneous visualization of anatomical and functional 3D data by
	combining volume rendering and flow visualization},
  journal = {Medical Imaging 2007: Visualization and Image-Guided Procedures},
  year = {2007},
}

@INPROCEEDINGS{Stewart2003,
  author = {Stewart, A. J. },
  title = {Vicinity shading for enhanced perception of volumetric data},
  booktitle = {Proc. IEEE Visualization VIS 2003},
  year = {2003},
  pages = {355--362},
}

@inproceedings{khoa,
  author = {Tan Khoa Nguyen and Anders Eklund and Henrik Ohlsson and Frida Hernell and Patric Ljung and Camilla Forsell and Mats Andersson and Hans Knutsson and Anders Ynnerman},
  title = {Concurrent Volume Visualization of Real-Time f{MRI}},
  booktitle = {Proceedings of the 8th IEEE/EG International Symposium on Volume Graphics},
	pages = {53-60},
  year = {2010},
}


@Article{jainek,
  author = {W. M. Jainek and S. Born and D. Bartz and W. Stra{\ss}er and J. Fischer},
  title = {Illustrative Hybrid Visualization and Exploration of Anatomical and
	Functional Brain Data},
  journal = {Computer Graphics Forum},
  year = {2008},
  volume = {27},
  pages = {855-862},
}

@Article{Blinn1977,
  author = {Blinn, J.F.},
  title = {{Models of light reflection for computer synthesized pictures}},
  journal = {ACM SIGGRAPH Computer Graphics},
  year = {1977},
  volume = {11},
  pages = {192--198},
  number = {2},
  publisher = {ACM New York, NY, USA}
}


@Article{Rieder2008,
  author = {Christian Rieder and Felix Ritter and Matthias Raspe and heinz-Otto
	Pieitgen},
  title = {Interactive Visualization of Multimodal Volume Data for Neurosurgical
	Tumor Treatment},
  journal = {Eurographics/IEEE-VGTC Symposium on Volume Graphics},
  year = {2008},
  volume = {27},
}

@ARTICLE{Joshi2008,
  author = {Joshi, A. and Scheinost, D. and Vives, K. and Spencer, D. and Staib,
	L. and Papademetris, X.},
  title = {Novel interaction techniques for neurosurgical planning and stereotactic
	navigation},
  journal = {Visualization and Computer Graphics, IEEE Transactions on},
  year = {2008},
  volume = {14},
  pages = {1587-1594},
  number = {6},
}


@ARTICLE{Max1995,
  Author = {Max, N.},
  title = {Optical models for direct volume rendering},
  journal = {IEEE Transactions on Visualization and Computer Graphics},
  year = {1995},
  volume = {1},
  pages = {99--108},
  number = {2},
}

@ARTICLE{FridaHernell2007,
  author = {Frida Hernell and Patric Ljung and Anders Ynnerman},
  title = {Efficient Ambient and Emissive Tissue Illumination using Local Occlusion
	in Multiresolution Volume Rendering},
  journal = {Eurographics/IEEE-VGTC Symposium on Volume Graphics},
  year = {2007},
}

@ARTICLE{FridaHernell2009,
  author = {Frida Hernell and Patric Ljung and Anders Ynnerman},
  title = {Local Ambient Occlusion in Direct Volume Rendering},
  journal = {IEEE Transactions on Visualization and Computer Graphics},
  year = {2009},
}

@ARTICLE{Ljung2004,
  author = {Patric Ljung and Cl�es Lundstrom and Anders Ynnerman},
  title = {Transfer function based adaptive decompression for volume rendering
	of large medical data sets},
  journal = {Proceedings of IEEE Volume Visualization and Graphics},
  year = {2004},
  pages = {25 - 32},
}

@ARTICLE{Ljung2006,
  author = {Patric Ljung and Claes Lundstr\"om and Anders Ynnerman},
  title = {Multiresolution interblock interpolation in direct volume rendering},
  journal = {Proceedings of Eurographics/IEEE Visualization},
  year = {2006},
  pages = {39-46},
}

@Article{decharms_pain,
  author = {R. Christopher deCharms and Fumiko Maeda and Gary H. Glover and David Ludlow and John M. Pauly and Deepak Soneji and John D.E. Gabrieli and Sean C. Mackey},
  title = {Control over brain activation and pain learned by using real-time functional {MRI}},
  journal = {PNAS},
  year = {2005},
  volume = {102},
  pages = {18626-18631},
}

@inproceedings{eklund_miccai,
    author = {A. Eklund and H. Ohlsson and M. Andersson and J. Rydell and A. Ynnerman and H. Knutsson},
    title = {Using Real-Time f{MRI} to Control a Dynamical System by Brain Activity Classification},
    booktitle = {Lecture notes in computer science, Proceedings of the 12th International Conference on Medical Image Computing and Computer Assisted Intervention (MICCAI)},
    year = {2009},
    volume = {5761},
    pages = {1000-1008},
}

@inproceedings{eklund_icpr,
    author = {A. Eklund and M. Andersson and H. Ohlsson and A. Ynnerman and H. Knutsson},
    title = {A Brain Computer Interface for Communication Using Real-Time f{MRI}},
    booktitle = {Proceedings of International Conference on Pattern Recognition (ICPR)},
    year = {2010},
    pages = {3665-3669},
}


@ARTICLE{rossler2006gbm,
  author = {Ro{\ss}ler, F. and Tejada, E. and Fangmeier, T. and Ertl, T. and
	Knauff, M.},
  title = {GPU-based Multi-Volume Rendering for the Visualization of Functional
	Brain Images},
  journal = {Procceedings of SimVis 2006},
  year = {2006},
  pages = {305--318},
}

@CONFERENCE{atkins1838dtb,
  author = {Atkins, M.S. and Siu, K. and Law, B. and Orchard, J. and Rosenbaum,
	W.},
  title = {Difficulties of T1 brain MRI segmentation techniques},
  booktitle = {Proc. SPIE},
  year = {1838},
  volume = {4684}
}

@ARTICLE{beyer2007hqm,
  author = {Beyer, J. and Hadwiger, M. and Wolfsberger, S. and Buhler, K.},
  title = {High-Quality Multimodal Volume Rendering for Preoperative Planning
	of Neurosurgical Interventions},
  journal = {IEEE Transactions on Visualization and Computer Graphics},
  year = {2007},
  volume = {13},
  pages = {1696--1703},
  number = {6},
}
@ARTICLE{ghosh2003ham,
  author = {Ghosh, A. and Prabhu, P. and Kaufman, AE and Mueller, K.},
  title = {Hardware assisted multichannel volume rendering},
  year = {2003},
  pages = {2--7},
  booktitle = {Computer Graphics International, 2003. Proceedings},
}

@CONFERENCE{song2004csc,
  author = {Song, T. and Angelini, ED and Mensh, BD and Laine, A.},
  title = {Comparison study of clinical 3D MRI brain segmentation evaluation},
  booktitle = {Engineering in Medicine and Biology Society, 2004. IEMBS'04. 26th
	Annual International Conference of the IEEE},
  year = {2004},
  volume = {1}
}

@PHDTHESIS{farneback,
  author = {Gunnar Farneb\"ack},
  title = {Polynomial Expansion for Orientation and Motion Estimation},
  school = {Link\"oping University, Sweden},
  year = {2002},
  address = {SE-581 83 Link\"oping, Sweden},
  note = {Dissertation No 790, ISBN 91-7373-475-6},
} 

@INPROCEEDINGS{wrangsjo,
  author = {A. Wrangsj\"o and J. Pettersson and H. Knutsson},
  title = {Non-Rigid Registration using Morphons},
  booktitle = {Proceedings of the 14th Scandinavian conference on image analysis
	(SCIA'05)},
  year = {2005},
  address = {Joensuu},
}




@inproceedings{deneux,
  author = {Thomas Deneux and Olivier Faugeras},
  title = {{EEG}-f{MRI} fusion of non-triggered data using {K}alman filtering},
  booktitle = {IEEE International Symposium on Biomedical Imaging: Nano to Macro},
  year = {2006},
  pages = {1068-1071},
}


@article{flirt,
  author = {M. Jenkinson and P.R. Bannister and J.M. Brady and S.M. Smith},
  title = {Improved optimisation for the robust and accurate linear registration and motion correction of brain images},
  journal = {NeuroImage},
  volume = {17},
  pages = {825-841},
  year = {2002}
} 

@Article{cox_afni,
   author = {Robert Cox},
   title = {{AFNI}: Software for Analysis and Visualization of Functional Magnetic Resonance Neuroimages},
   journal = {Computers and Biomedical Research},
   volume = {29},
   year = {1996},
   pages = {162-173},
}

@Article{ward,
   author = {Heidi A. Ward and Stephen J. Riederer and Roger C. Grimm and Richard L. Ehman and Joel P. Felmlee and Clifford R. Jack},
  title = {Prospective Multiaxal Motion Correction for f{MRI}},
  journal = {Magnetic Resonance in Medicine},
  volume = {43},
  pages = {459 - 469},
  year = {2000},
}

@Article{white,
  author = {Nathan White and Cooper Roddey and Aji Shankaranarayanan and Eric Han and Dan Rettman and Juan Santos and Josh Kuperman and Anders Dale},
  title = {{PROMO}: Real-time prospective motion correction in {MRI} using image-based tracking},
  journal = {Magnetic Resonance in Medicine},
  volume = {63},
  pages = {91-105},
  year = {2009},
}

@Article{speck,
   author = {O. Speck and J. Hennig and M. Zaitzev},
   title = {Prospective Real-Time Slice-by-Slice Motion Correction for f{MRI} in Freely Moving Subjects},
   journal = {Magnetic Resonance Materials in Physics, Biology and Medicine},
   volume = {19},
   pages = {55-61},
   year = {2006},
}

@Article{fu,
 author = {ZW Fu and Y Wang and RC Grimm and PJ Rossman and JP Felmlee  and SJ Riederer and RL Ehman},
 title = {Orbital navigator echoes for motion measurements in magnetic resonance imaging},
 journal = {Magnetic Resonance in Medicine},
 volume = {34},
 pages = {746-753},
 year = {1995},
}

@book{mri_book1,
   author = {Donald W. Mc{R}obbie and Elizabeth A. Moore and Martin J. Graves and Martin R. Prince},
   title = {{MRI}: From Picture to Proton, Second Edition}, 
   note = {ISBN 978-0-521-68384-5},
   publisher = {Cambridge},
   year = {2007},
}

@book{kirk,
   author = {David Kirk and {Wen-Mei} Hwu},
   title = {Programming Massively Parallel Processors, A Hands-on Approach},
   note = {{ISBN} 978-0-12-381472-2},
   publisher = {Morgan Kaufmann},
   year = {2010},
}

@book{liang,
   author = {Zhi-Pei Liang and Paul C. Lauterbur},
   title = {Principles of Magnetic Resonance Imaging, A Signal Processing Perspective}, 
   note = {ISBN 0-7803-4723-4},
   publisher = {IEEE Press},
   year = {2000},
}



@article{feinberg,
  author = {D. A. Feinberg and S. Moeller and S. M. Smith and E. Auerbach and S. Ramanna and M. F. Glasser and K. L. Miller and K. Ugurbil and E. Yacoub},
  title = {Multiplexed echo planar imaging for sub-second whole brain {FMRI} and fast diffusion imaging},
  journal = {{PloS ONE}},
  year = {2010},
  volume = {5},
  pages = {e15710},
}


